@book{adams1995hitchhiker,
    title={The Hitchhiker's Guide to the Galaxy},
    author={Adams, D.},
    isbn={9781417642595},
    url={http://books.google.com/books?id=W-xMPgAACAAJ},
    year={1995},
    publisher={San Val}
}

@article{sharafaldin2018toward,
    title={Toward generating a new intrusion detection dataset and intrusion traffic characterization.},
    author={Sharafaldin, Iman and Lashkari, Arash Habibi and Ghorbani, Ali A},
    journal={ICISSp},
    volume={1},
    pages={108--116},
    year={2018}
}

@misc{oreilly-tcp,
    title={Internet Core Protocols: The Definitive Guide}, url={https://www.oreilly.com/library/view/internet-core-protocols/1565925726/re04.html},
    howpublished={\url{https://www.oreilly.com/library/view/internet-core-protocols/1565925726/re04.html}},
    journal={O'Reilly Online Learning}, publisher={O'Reilly Media, Inc.},
    author={Hall, Eric},
    note = {Accessed: 2021-07-18}
}
